@misc{ivy,
  title        = {{The Ivy Language}},
  year         = 2022,
  howpublished = {\url{http://microsoft.github.io/ivy/language.html}}
}
@misc{ivycheck,
  title        = {{Ivy Command Reference}},
  year         = 2022,
  howpublished = {\url{http://microsoft.github.io/ivy/commands.html}}
}